% This file was created with JabRef 2.6.
% Encoding: UTF8

@incollection{LinkDiscovery,
year={2013},
isbn={978-3-642-38287-1},
booktitle={The Semantic Web: Semantics and Big Data},
volume={7882},
series={Lecture Notes in Computer Science},
editor={Cimiano, Philipp and Corcho, Oscar and Presutti, Valentina and Hollink, Laura and Rudolph, Sebastian},
doi={10.1007/978-3-642-38288-8_19},
title={When to Reach for the Cloud: Using Parallel Hardware for Link Discovery},
url={http://dx.doi.org/10.1007/978-3-642-38288-8_19},
publisher={Springer Berlin Heidelberg},
keywords={Link discovery; MapReduce; GPU},
author={Ngomo, Axel-CyrilleNgonga and Kolb, Lars and Heino, Norman and Hartung, Michael and Auer, Sören and Rahm, Erhard},
pages={275-289}
}

@incollection{LODStats,
year={2012},
isbn={978-3-642-33875-5},
booktitle={Knowledge Engineering and Knowledge Management},
volume={7603},
series={Lecture Notes in Computer Science},
editor={Teije, Annette and Völker, Johanna and Handschuh, Siegfried and Stuckenschmidt, Heiner and d’Acquin, Mathieu and Nikolov, Andriy and Aussenac-Gilles, Nathalie and Hernandez, Nathalie},
doi={10.1007/978-3-642-33876-2_31},
title={LODStats – An Extensible Framework for High-Performance Dataset Analytics},
url={http://dx.doi.org/10.1007/978-3-642-33876-2_31},
publisher={Springer Berlin Heidelberg},
author={Auer, Sören and Demter, Jan and Martin, Michael and Lehmann, Jens},
pages={353-362}
}

@INPROCEEDINGS{Burel2009,
  author = {Burel, Gregoire and Cano1, Amparo E. and Lanfranchi, Vitaveska},
  title = {Ozone Browser: Augmenting the Web with Semantic Overlays},
  year = {2009},
  editor = {Auer, S\"oren and Bizer, Chris and Grimnes, Gunnar AAstrand},
  volume = {449},
  series = {CEUR Workshop Proceedings ISSN 1613-0073},
  month = {June},
  added-at = {2009-06-09T17:57:52.000+0200},
  biburl = {http://www.bibsonomy.org/bibtex/2c0019fc15d889e093afeaf60373f4bb1/soeren},
  note = {CEUR-WS.org/Vol-449},
  booktitle = {Proc. of 5th Workshop on Scripting and Development for the Semantic Web at ESWC 2009},
  url = {http://CEUR-WS.org/Vol-449/Challenge1.pdf}
}
@INCOLLECTION{Auer2012,
  author = {Auer, Sören and Bühmann, Lorenz and Dirschl, Christian and Erling,
	Orri and Hausenblas, Michael and Isele, Robert and Lehmann, Jens
	and Martin, Michael and Mendes, PabloN. and Nuffelen, Bert and Stadler,
	Claus and Tramp, Sebastian and Williams, Hugh},
  title = {Managing the Life-Cycle of Linked Data with the LOD2 Stack},
  booktitle = {The Semantic Web – ISWC 2012},
  publisher = {Springer Berlin Heidelberg},
  year = {2012},
  editor = {Cudré-Mauroux, Philippe and Heflin, Jeff and Sirin, Evren and Tudorache,
	Tania and Euzenat, Jérôme and Hauswirth, Manfred and Parreira, JosianeXavier
	and Hendler, Jim and Schreiber, Guus and Bernstein, Abraham and Blomqvist,
	Eva},
  series = {Lecture Notes in Computer Science},
  pages = {1-16},
  doi = {10.1007/978-3-642-35173-0\_1},
  isbn = {978-3-642-35172-3},
  keywords = {Linked Data; application integration; provenance},
  owner = {ali1k},
  timestamp = {2013.01.15},
  url = {http://dx.doi.org/10.1007/978-3-642-35173-0\_1}
}
@inproceedings{Morsey11,
	Author = {Mohamed Morsey and Jens Lehmann and S\"oren Auer and Axel-Cyrille {Ngonga Ngomo}},
	Booktitle = {ISWC 2011},
	Owner = {ngonga},
	Timestamp = {2011.08.24},
	Title = {DBpedia SPARQL Benchmark -- Performance Assessment with Real Queries on Real Data},
	Year = {2011}}
@ARTICLE{Aquin2008,
  author = {d'Aquin, M. and Motta, E. and Dzbor, M. and Gridinoc, L. and Heath,
	T. and Sabou, M.},
  title = {Collaborative Semantic Authoring},
  journal = {Intelligent Systems, IEEE},
  year = {2008},
  volume = {23},
  pages = {80 -83},
  number = {3},
  month = {may-june},
  doi = {10.1109/MIS.2008.43},
  issn = {1541-1672},
  keywords = {Web 2.0 technologies;collaborative semantic authoring;interoperability;knowledge
	exchange;ontology;open semantic resource reuse;open semantic resource
	selection;semantic Web;authoring systems;groupware;knowledge management;ontologies
	(artificial intelligence);open systems;semantic Web;},
  owner = {ali1k},
  timestamp = {2011.07.26}
}

@INCOLLECTION{Adrian2010,
  author = {Adrian, Benjamin and Hees, JÃ¶rn and Herman, Ivan and Sintek, Michael
	and Dengel, Andreas},
  title = {Epiphany: Adaptable RDFa Generation Linking the Web of Documents
	to the Web of Data},
  booktitle = {Knowledge Engineering and Management by the Masses},
  publisher = {Springer Berlin / Heidelberg},
  year = {2010},
  editor = {Cimiano, Philipp and Pinto, H.},
  volume = {6317},
  series = {Lecture Notes in Computer Science},
  pages = {178-192},
  note = {10.1007/978-3-642-16438-5-13},
  affiliation = {Knowledge Management Department, DFKI GmbH, Kaiserslautern, Germany},
  owner = {ali1k},
  timestamp = {2011.07.26},
  url = {http://dx.doi.org/10.1007/978-3-642-16438-5-13}
}

@INPROCEEDINGS{Ankolekar2007,
  author = {Ankolekar, Anupriya and Kr\"otzsch, Markus and Tran, Thanh and
	Vrandecic, Denny},
  title = {{The two cultures: mashing up web 2.0 and the semantic web}},
  booktitle = {WWW '07: Proceedings of the 16th international conference on World
	Wide Web},
  year = {2007},
  pages = {825--834},
  address = {New York, NY, USA},
  publisher = {ACM Press},
  citeulike-article-id = {1358099},
  citeulike-linkout-0 = {http://portal.acm.org/citation.cfm?id=1242684},
  citeulike-linkout-1 = {http://dx.doi.org/10.1145/1242572.1242684},
  doi = {10.1145/1242572.1242684},
  isbn = {9781595936547},
  keywords = {semanticweb, web20},
  posted-at = {2007-10-27 02:14:44},
  priority = {3},
  url = {http://dx.doi.org/10.1145/1242572.1242684}
}

@INCOLLECTION{araujo2010,
  author = {Araujo, Samur and Houben, Geert-Jan and Schwabe, Daniel},
  title = {Linkator: Enriching Web Pages by Automatically Adding Dereferenceable
	Semantic Annotations},
  booktitle = {Web Engineering},
  publisher = {Springer Berlin / Heidelberg},
  year = {2010},
  editor = {Benatallah, Boualem and Casati, Fabio and Kappel, Gerti and Rossi,
	Gustavo},
  volume = {6189},
  series = {Lecture Notes in Computer Science},
  pages = {355-369},
  note = {10.1007/978-3-642-13911-6-24},
  owner = {ali1k},
  timestamp = {2011.07.26},
  url = {http://dx.doi.org/10.1007/978-3-642-13911-6-24}
}



@INCOLLECTION{auer2006,
  author = {Auer, S\"oren and Dietzold, Sebastian and Riechert, Thomas},
  title = {OntoWiki -- A Tool for Social, Semantic Collaboration},
  booktitle = {The Semantic Web - ISWC 2006},
  publisher = {Springer Berlin / Heidelberg},
  year = {2006},
  editor = {Cruz, Isabel and Decker, Stefan and Allemang, Dean and Preist, Chris
	and Schwabe, Daniel and Mika, Peter and Uschold, Mike and Aroyo,
	Lora},
  volume = {4273},
  series = {Lecture Notes in Computer Science},
  pages = {736-749},
  note = {10.1007/11926078-53},
  owner = {ali1k},
  timestamp = {2011.07.26},
  url = {http://dx.doi.org/10.1007/11926078-53}
}

@INCOLLECTION{benson2010,
  author = {Benson, Edward and Marcus, Adam and Howahl, Fabian and Karger, David},
  title = {Talking about Data: Sharing Richly Structured Information through
	Blogs and Wikis},
  booktitle = {The Semantic Web – ISWC 2010},
  publisher = {Springer Berlin / Heidelberg},
  year = {2010},
  editor = {Patel-Schneider, Peter and Pan, Yue and Hitzler, Pascal and Mika,
	Peter and Zhang, Lei and Pan, Jeff and Horrocks, Ian and Glimm, Birte},
  volume = {6496},
  series = {Lecture Notes in Computer Science},
  pages = {48-63},
  note = {10.1007/978-3-642-17746-0-4},
  owner = {ali1k},
  timestamp = {2011.07.26},
  url = {http://dx.doi.org/10.1007/978-3-642-17746-0-4}
}

@misc{Tabulator2007,
  author = {Berners-Lee, T and Hollenbach, J. and Lu, K. and Presbrey, J. and
	d'ommeaux, E. Pru and m.c. schraefel},
  title = {Tabulator Redux: Writing Into the Semantic Web },
  year = {2007},
  added-at = {2008-10-18T13:00:30.000+0200},
  biburl = {http://www.bibsonomy.org/bibtex/27a91c3fb02f1ce25ec6b5fd548741cd0/kurtjx},
  note = {Tabulator Redux tech report},
  keywords = {Tabulator provenance read/write semantic_sparql_web},
  owner = {ali1k},
  timestamp = {2008-10-18T13:00:30.000+0200},
  url = {http://eprints.ecs.soton.ac.uk/14773/}
}

@ARTICLE{Buffa2008,
  author = {Michel Buffa and Fabien Gandon and Guillaume Ereteo and Peter Sander
	and Catherine Faron},
  title = {SweetWiki: A semantic wiki},
  journal = {Web Semantics: Science, Services and Agents on the World Wide Web},
  year = {2008},
  volume = {6},
  pages = {84 - 97},
  number = {1},
  note = {Semantic Web and Web 2.0},
  doi = {DOI: 10.1016/j.websem.2007.11.003},
  issn = {1570-8268},
  keywords = {K.4.3 [Organizational Impacts]: Computer-supported collaborative work},
  owner = {ali1k},
  timestamp = {2011.07.26},
  url = {http://www.sciencedirect.com/science/article/pii/S1570826807000522}
}

@INPROCEEDINGS{Camara99handlingcomplexity,
  author = {Gilberto Camara and Ricardo Cartaxo Modesto Souza and Antonio Miguel
	Monteiro and Joao Paiva and Juan Garrido and Gilberto Câmara and
	Ricardo Cartaxo and Modesto De Souza and Antônio Miguel and Vieira
	Monteiro and Juan Carlos and Pinto De Garrido and Divisão Processamento
	and Imagens Dpi},
  title = {Handling Complexity in GIS Interface Design},
  booktitle = {In: Proceedings of the I Brazilian Workshop on GeoInformatics, Campinas,
	São},
  year = {1999},
  owner = {ali1k},
  timestamp = {2012.05.11}
}

@ARTICLE{ChenB11,
  author = {Chen, Lianping and Babar, Muhammad Ali},
  title = {A systematic review of evaluation of variability management approaches
	in software product lines.},
  journal = {Information \& Software Technology},
  year = {2011},
  volume = {53},
  pages = {344-362},
  number = {4},
  added-at = {2011-04-04T00:00:00.000+0200},
  biburl = {http://www.bibsonomy.org/bibtex/218d3915f7689ecc82686c1bb789c37be/dblp},
  ee = {http://dx.doi.org/10.1016/j.infsof.2010.12.006},
  interhash = {f1940435f9f6ebc937c97cf1a7327475},
  intrahash = {18d3915f7689ecc82686c1bb789c37be},
  keywords = {dblp},
  owner = {ali1k},
  timestamp = {2011-04-04T00:00:00.000+0200},
  url = {http://dblp.uni-trier.de/db/journals/infsof/infsof53.html#ChenB11}
}

@ARTICLE{Chu2009,
  author = {Hui-Chuan Chu and Ming-Yen Chen and Yuh-Min Chen},
  title = {A semantic-based approach to content abstraction and annotation for
	content management},
  journal = {Expert Systems with Applications},
  year = {2009},
  volume = {36},
  pages = {2360 - 2376},
  number = {2, Part 1},
  doi = {DOI: 10.1016/j.eswa.2007.12.067},
  issn = {0957-4174},
  keywords = {Content management},
  owner = {ali1k},
  timestamp = {2011.07.26},
  url = {http://www.sciencedirect.com/science/article/pii/S0957417407006860}
}

@ARTICLE{iorio2010,
  author = {Di Iorio, Angelo and Musetti, Alberto and Peroni, Silvio and Vitali,
	Fabio},
  title = {Ontology-driven generation of wiki content and interfaces},
  journal = {NEW REVIEW OF HYPERMEDIA AND MULTIMEDIA},
  year = {2010},
  volume = {16},
  pages = {9-31},
  number = {1-2, SI},
  doi = {10.1080/13614568.2010.497194},
  issn = {1361-4568},
  owner = {ali1k},
  timestamp = {2011.07.25},
  unique-id = {ISI:000283880200003}
}

@INPROCEEDINGS{Dyba2007,
  author = {Dyba, Tore and Dingsoyr, Torgeir and Hanssen, Geir K.},
  title = {Applying Systematic Reviews to Diverse Study Types: An Experience
	Report},
  booktitle = {Proceedings of the First International Symposium on Empirical Software
	Engineering and Measurement},
  year = {2007},
  series = {ESEM '07},
  pages = {225--234},
  address = {Washington, DC, USA},
  publisher = {IEEE Computer Society},
  acmid = {1302940},
  doi = {http://dx.doi.org/10.1109/ESEM.2007.21},
  isbn = {0-7695-2886-4},
  numpages = {10},
  owner = {ali1k},
  timestamp = {2011.07.26},
  url = {http://dx.doi.org/10.1109/ESEM.2007.21}
}

@INPROCEEDINGS{rohtuA,
  author = {Timofey Ermilov and Norman Heino and Sebastian Tramp and Sören Auer},
  title = {OntoWiki Mobile -- Knowledge Management in your Pocket},
  booktitle = {8th Extended Semantic Web Conference (ESWC2011)},
  year = {2011},
  month = {June},
  owner = {ali1k},
  timestamp = {2011.11.10},
  url = {http://data.semanticweb.org/conference/eswc/2011/paper/mobile-web/3}
}

@ARTICLE{Fitzpatrick1998,
  author = {Fitzpatrick, Ronan},
  title = {Strategies for Evaluating Software Usability},
  journal = {Methods},
  year = {1998},
  volume = {353},
  number = {1},
  owner = {ali1k},
  publisher = {Citeseer},
  timestamp = {2012.05.11},
  url = {http://citeseerx.ist.psu.edu/viewdoc/download?doi=10.1.1.169.9992&rep=rep1&type=pdf}
}

@INCOLLECTION{Frosterus2011,
  author = {Frosterus, Matias and Hyv\"onen, Eero and Laitio, Joonas},
  title = {DataFinland—A Semantic Portal for Open and Linked Datasets},
  booktitle = {The Semanic Web: Research and Applications},
  publisher = {Springer Berlin / Heidelberg},
  year = {2011},
  editor = {Antoniou, Grigoris and Grobelnik, Marko and Simperl, Elena and Parsia,
	Bijan and Plexousakis, Dimitris and De Leenheer, Pieter and Pan,
	Jeff},
  volume = {6644},
  series = {Lecture Notes in Computer Science},
  pages = {243-254},
  note = {10.1007/978-3-642-21064-8-17},
  owner = {ali1k},
  timestamp = {2011.07.26},
  url = {http://dx.doi.org/10.1007/978-3-642-21064-8-17}
}

@INPROCEEDINGS{Geiger2011,
  author = {David Geiger and Michael Rosemann and Erwin Fielt},
  title = {Crowdsourcing information systems : a systems theory perspective},
  booktitle = {Australasian Conference on Information Systems (ACIS) 2011},
  year = {2011},
  address = {Sydney, Australia},
  owner = {ali1k},
  timestamp = {2012.05.14},
  url = {http://eprints.qut.edu.au/47466/}
}

@BOOK{GlaStr67,
  title = {The Discovery of Grounded Theory: Strategies for Qualitative Research},
  publisher = {Aldine de Gruyter},
  year = {1967},
  author = {Glaser, Barney G. and Strauss, Anselm L.},
  address = {New York, NY},
  added-at = {2010-01-29T10:11:35.000+0100},
  biburl = {http://www.bibsonomy.org/bibtex/2e5908e55e1123b12d7419347c6292742/wiljami74},
  interhash = {1a6c1e4d038265d26035b66bbdf6f891},
  intrahash = {e5908e55e1123b12d7419347c6292742},
  keywords = {grounded_theory},
  owner = {ali1k},
  timestamp = {2010-01-29T10:11:35.000+0100}
}

@BOOK{Greenfield2006,
  title = {Everyware: The Dawning Age of Ubiquitous Computing},
  publisher = {New Riders Publishing},
  year = {2006},
  author = {Greenfield, Adam},
  pages = {272},
  address = {Berkeley, CA},
  added-at = {2007-10-13T22:31:01.000+0200},
  biburl = {http://www.bibsonomy.org/bibtex/2cf590a0517606c4c970b8f8a5d3225e6/sennett},
  isbn = {0321384016},
  keywords = {computing ubicomp web2.0},
  lccn = {2006279011},
  owner = {ali1k},
  timestamp = {2007-10-13T22:31:01.000+0200}
}

@INPROCEEDINGS{Haase2010,
  author = {Peter Haase and Andreas Eberhart and Sebastian Godelet and Tobias
	Mathäß and Thanh Tran and Günter Ladwig and Andreas Wagner},
  title = {The Information Workbench. Interacting with the Web of Data},
  booktitle = {3rd Future Internet Symposium (FIS2010)},
  year = {2010},
  month = {September},
  added-at = {2011-01-13T18:25:01.000+0100},
  biburl = {http://www.bibsonomy.org/bibtex/21efead1c498fac2498becb329bc21330/arvid.heise},
  keywords = {RDF information interacting semantic web workbench},
  owner = {ali1k},
  timestamp = {2011-01-13T18:25:01.000+0100},
  url = {http://data.semanticweb.org/conference/fis/2010/paper/posters/11}
}

@MASTERSTHESIS{SWUI11,
  author = {Ghislain Hachey and Dragan Gasevic},
  title = {Semantic Web User Interface: A Systematic Survey},
  school = {Athabasca University},
  year = {2011},
  owner = {ali1k},
  timestamp = {2011.08.02}
}

@inproceedings{hasida2007,
 author = {Hasida, K\^{o}iti},
 title = {Semantic authoring and semantic computing},
 booktitle = {Proceedings of the 2003 and 2004 international conference on New frontiers in artificial intelligence},
 series = {JSAI'03/JSAI04},
 year = {2007},
 isbn = {3-540-71008-6, 978-3-540-71008-0},
 location = {Niigata, Japan},
 pages = {137--149},
 numpages = {13},
 url = {http://dl.acm.org/citation.cfm?id=1899169.1899184},
 acmid = {1899184},
 publisher = {Springer-Verlag},
 address = {Berlin, Heidelberg},
} 
@INPROCEEDINGS{OCA,
  author = {Ralf Heese and Markus Luczak-R\"osch and Radoslaw Oldakowski and
	Olga Streibel and Adrian Paschke},
  title = {One Click Annotation},
  booktitle = {Scripting and Development for the Semantic Web (SFSW)},
  year = {2010},
  owner = {ali1k},
  timestamp = {2011.06.04},
  url = {http://www.semanticscripting.org/SFSW2010/}
}

@INPROCEEDINGS{heino-n-2011--a,
  author = {Heino, Norman and Tramp, Sebastian and Auer, S\"oren},
  title = {Managing Web Content using Linked Data Principles -- Combining semantic
	structure with dynamic content syndication},
  booktitle = {Proceedings of the 35th Annual IEEE International Computer Software
	and Applications Conference (COMPSAC 2011)},
  year = {2011},
  publisher = {IEEE Computer Society},
  added-at = {2011-11-30T11:21:44.000+0100},
  biburl = {http://www.bibsonomy.org/bibtex/296bd68e0de15ff969f3756fc956934ea/aksw},
  interhash = {7ce5b2603a15ef535b55bb5e878f36ce},
  intrahash = {96bd68e0de15ff969f3756fc956934ea},
  keywords = {2011 auer group_aksw heino ontowiki seebiproject_OntoWiki sys:relevantFor:bis
	sys:relevantFor:infai sys:relevantFor:lod2 tramp},
  owner = {seebi},
  timestamp = {2011-11-30T11:21:44.000+0100},
  url = {http://svn.aksw.org/papers/2011/COMPSAC_lod2.eu/public.pdf}
}

@INPROCEEDINGS{SWA09,
  author = {Benjamin Heitmann and Sheila Kinsella and Conor Hayes and Stefan
	Decker},
  title = {Implementing Semantic Web applications: reference architecture and
	challenges},
  booktitle = {5th International Workshop on Semantic Web-Enabled Software Engineering},
  year = {2009},
  owner = {ali1k},
  timestamp = {2011.08.02}
}

@INCOLLECTION{Herzig2010,
  author = {Herzig, Daniel and Ell, Basil},
  title = {Semantic MediaWiki in Operation: Experiences with Building a Semantic
	Portal},
  booktitle = {The Semantic Web – ISWC 2010},
  publisher = {Springer Berlin / Heidelberg},
  year = {2010},
  editor = {Patel-Schneider, Peter and Pan, Yue and Hitzler, Pascal and Mika,
	Peter and Zhang, Lei and Pan, Jeff and Horrocks, Ian and Glimm, Birte},
  volume = {6497},
  series = {Lecture Notes in Computer Science},
  pages = {114-128},
  note = {10.1007/978-3-642-17749-1-8},
  owner = {ali1k},
  timestamp = {2011.07.26},
  url = {http://dx.doi.org/10.1007/978-3-642-17749-1-8}
}

@ARTICLE{Howe2006,
  author = {Howe, Jeff},
  title = {The Rise of Crowdsourcing},
  journal = {Wired Magazine},
  year = {2006},
  volume = {14},
  number = {6},
  month = {06},
  added-at = {2008-12-21T20:29:45.000+0100},
  biburl = {http://www.bibsonomy.org/bibtex/21548d6830f9987d51f0dccc26771ff89/pecim7af},
  description = {BibSonomy::bibtex::The Rise of Crowdsourcing},
  interhash = {40cd48c255ae64c3518adf142cca22e4},
  intrahash = {1548d6830f9987d51f0dccc26771ff89},
  keywords = {AKMB08 Crowdsourcing Web2.0 WisdomOfCrowds},
  owner = {ali1k},
  timestamp = {2008-12-21T20:29:45.000+0100},
  url = {http://www.wired.com/wired/archive/14.06/crowds.html}
}

@ARTICLE{Karger2005,
  author = {David R. Karger and Dennis Quan},
  title = {What would it mean to blog on the semantic web?},
  journal = {Web Semantics: Science, Services and Agents on the World Wide Web},
  year = {2005},
  volume = {3},
  pages = {147 - 157},
  number = {2-3},
  note = {Selcted Papers from the International Semantic Web Conference, 2004
	- ISWC, 2004},
  issn = {1570-8268},
  owner = {ali1k},
  timestamp = {2011.07.26},
  url = {http://www.sciencedirect.com/science/article/pii/S1570826805000107}
}

@INPROCEEDINGS{khalili2012,
  author = {Ali Khalili and S\"oren Auer and Daniel Hladky},
  title = {The RDFa Content Editor - From WYSIWYG to WYSIWYM},
  booktitle = {IEEE Signature Conference on Computers, Software, and Applications},
  year = {2012},
  organization = {COMPSAC 2012},
  owner = {ali1k},
  timestamp = {2012.05.10}
}

@TECHREPORT{Kitchenham2004,
  author = {Kitchenham, B.},
  title = {Procedures for performing systematic reviews},
  institution = {Keele University and NICTA},
  year = {2004},
  citeulike-article-id = {1191541},
  journal = {Technical Report TR/SE-0401},
  keywords = {experimentation, review, systematic},
  owner = {ali1k},
  posted-at = {2007-03-28 15:07:38},
  priority = {4},
  timestamp = {2011.07.26}
}

@ARTICLE{Kiyavitskaya2009,
  author = {Nadzeya Kiyavitskaya and Nicola Zeni and James R. Cordy and Luisa
	Mich and John Mylopoulos},
  title = {Cerno: Light-weight tool support for semantic annotation of textual
	documents},
  journal = {Data \& Knowledge Engineering},
  year = {2009},
  volume = {68},
  pages = {1470 - 1492},
  number = {12},
  note = {Including Special Section: 21st IEEE International Symposium on Computer-Based
	Medical Systems (IEEE CBMS 2008) - Seven selected and extended papers
	on Biomedical Data Mining},
  doi = {DOI: 10.1016/j.datak.2009.07.012},
  issn = {0169-023X},
  keywords = {8.4 Semantic web},
  owner = {ali1k},
  timestamp = {2011.07.26},
  url = {http://www.sciencedirect.com/science/article/pii/S0169023X09001116}
}

@INCOLLECTION{Klebeck2011,
  author = {Klebeck, Alex and Hellmann, Sebastian and Ehrlich, Christian and
	Auer, Sören},
  title = {OntosFeeder – A Versatile Semantic Context Provider for Web Content
	Authoring},
  booktitle = {The Semanic Web: Research and Applications},
  publisher = {Springer Berlin / Heidelberg},
  year = {2011},
  editor = {Antoniou, Grigoris and Grobelnik, Marko and Simperl, Elena and Parsia,
	Bijan and Plexousakis, Dimitris and De Leenheer, Pieter and Pan,
	Jeff},
  volume = {6644},
  series = {Lecture Notes in Computer Science},
  pages = {456-460},
  note = {10.1007/978-3-642-21064-8-34},
  owner = {ali1k},
  timestamp = {2011.07.26},
  url = {http://dx.doi.org/10.1007/978-3-642-21064-8-34}
}

@ARTICLE{Kock2009,
  author = {Kock, Estelle De and Biljon, Judy Van and Pretorius, Marco},
  title = {Usability evaluation methods : Mind the gaps},
  journal = {Evaluation},
  year = {2009},
  pages = {122--131},
  owner = {ali1k},
  publisher = {ACM},
  timestamp = {2012.05.14},
  url = {http://portal.acm.org/citation.cfm?id=1632149.1632166}
}

@INPROCEEDINGS{saha3,
  author = {Jussi Kurki and Eero Hyvönen},
  title = {Collaborative Metadata Editor Integrated with Ontology Services and
	Faceted Portals},
  booktitle = {1st Workshop on Ontology Repositories and Editors for the Semantic
	Web},
  year = {2010},
  owner = {ali1k},
  timestamp = {2011.12.05}
}

@MISC{Lane10asurvey,
  author = {Nicholas D. Lane and Emiliano Miluzzo and Hong Lu and Daniel Peebles
	and Tanzeem Choudhury and Andrew T. Campbell},
  title = { A Survey of Mobile Phone Sensing},
  year = {2010},
  owner = {ali1k},
  timestamp = {2012.05.17}
}

@BOOK{lauesen2005,
  title = {User Interface Design: A Software Engineering Perspective},
  publisher = {Addison Wesley},
  year = {2005},
  author = {Lauesen, Soren},
  month = feb,
  day = {14},
  howpublished = {Paperback},
  isbn = {0321181433},
  keywords = {ar681-2009},
  owner = {ali1k},
  posted-at = {2009-06-10 01:43:05},
  priority = {2},
  timestamp = {2011.08.24},
  url = {http://www.amazon.com/exec/obidos/redirect?tag=citeulike07-20\&path=ASIN/0321181433}
}

@INPROCEEDINGS{lohmann-s-2008-182-a,
  author = {Lohmann, Steffen and Heim, Philipp and Auer, S\"oren and Dietzold,
	Sebastian and Riechert, Thomas},
  title = {Semantifying Requirements Engineering – The SoftWiki Approach},
  booktitle = {Proceedings of the 4th International Conference on Semantic Technologies
	(I-SEMANTICS '08)},
  year = {2008},
  series = {J.UCS},
  pages = {182--185},
  added-at = {2011-11-30T11:21:56.000+0100},
  biburl = {http://www.bibsonomy.org/bibtex/297d0d477fac2f276c7a2563b4417257e/aksw},
  interhash = {d8055264f36372731c5bcf1219dae7c8},
  intrahash = {97d0d477fac2f276c7a2563b4417257e},
  keywords = {2007 auer event_i-semantics group_aksw ontowiki riechert seebiproject_OntoWiki
	seebiproject_SoftWiki softwiki sys:relevantFor:bis sys:relevantFor:infai
	tramp},
  owner = {seebi},
  timestamp = {2011-11-30T11:21:56.000+0100}
}

@ARTICLE{Lopez2011,
  author = {Vanessa Lopez and Victoria Uren and Marta Sabou and Enrico Motta},
  title = {Is question answering fit for the Semantic Web? A survey
	
	},
  journal = {Semantic Web ? Interoperability, Usability, Applicability},
  year = {2011},
  volume = {2},
  pages = {125--155},
  number = {2},
  month = {September},
  keywords = {question answering survey; natural language; Semantic Web; ontology},
  url = {http://oro.open.ac.uk/29573/}
}

@INPROCEEDINGS{Loomp,
  author = {Ralf Heese Markus Luczak-Roesch},
  title = {Linked Data Authoring for Non-Experts},
  booktitle = {Proceedings of the WWW09, Workshop Linked Data on the Web (LDOW2009)},
  year = {2009},
  interhash = {d707902f2af6819be2b15137098b4d9e},
  intrahash = {88c763ef12d2f1e0d1588869ac89f0f2},
  keywords = {interface linkeddata},
  owner = {ali1k},
  timestamp = {2009-04-24T07:49:35.000+0200},
  url = {http://events.linkeddata.org/ldow2009/papers/ldow2009-paper4.pdf}
}

@BOOK{mileshuberman94,
  title = {Qualitative Data Analysis: An Expanded Sourcebook(2nd Edition)},
  publisher = {Sage Publications, Inc},
  year = {1994},
  author = {Miles, Matthew B. and Huberman, Michael},
  edition = {2nd},
  howpublished = {Paperback},
  isbn = {0803955405},
  keywords = {book, methods},
  owner = {ali1k},
  posted-at = {2007-10-19 08:09:02},
  priority = {5},
  timestamp = {2011.08.03},
  url = {http://www.amazon.com/exec/obidos/redirect?tag=citeulike07-20\&path=ASIN/0803955405}
}

@INPROCEEDINGS{moller2006,
  author = {Moller, Knud and Bojars, Uldis and Breslin, John C.},
  title = {Using semantics to enhance the Blogging experience},
  booktitle = {SEMANTIC WEB: RESEARCH AND APPLICATIONS, PROCEEDINGS},
  year = {2006},
  editor = {Sure, Y and Domingue, J},
  volume = {4011},
  series = {LECTURE NOTES IN COMPUTER SCIENCE},
  pages = {679-696},
  organization = {Sekt; Dip; Knowledgeweb; Asg; Ontotext; iSOCO; Luisa; AKT; Oasis},
  note = {3rd European Semantic Web Conference, Budva, SERBIA MONTENEG, JUN
	11-14, 2006},
  isbn = {3-540-34544-2},
  issn = {0302-9743},
  owner = {ali1k},
  timestamp = {2011.07.25},
  unique-id = {ISI:000238574900046}
}

@ARTICLE{Muller2011,
  author = {Wolfgang Müller and Isabel Rojas and Andreas Eberhart and Peter Haase
	and Michael Schmidt},
  title = {A-R-E: The Author-Review-Execute Environment},
  journal = {Procedia Computer Science},
  year = {2011},
  volume = {4},
  pages = {627 - 636},
  note = {Proceedings of the International Conference on Computational Science,
	ICCS 2011},
  issn = {1877-0509},
  keywords = {Semantic Wiki},
  owner = {ali1k},
  timestamp = {2011.07.26},
  url = {http://www.sciencedirect.com/science/article/pii/S1877050911001244}
}

@INPROCEEDINGS{Navarro2010,
  author = {Navarro-Galindo, Jos\'e L. and Samos, Jos\'e},
  title = {Manual and automatic semantic annotation of web documents: the FLERSA
	tool},
  booktitle = {Proceedings of the 12th International Conference on Information Integration
	and Web-based Applications \&\#38; Services},
  year = {2010},
  series = {iiWAS '10},
  pages = {542--549},
  address = {New York, NY, USA},
  publisher = {ACM},
  acmid = {1967570},
  doi = {http://doi.acm.org/10.1145/1967486.1967570},
  file = {:C\:\\Users\\ali1k\\Desktop\\pub\\SLR primary studies\\Manual and automatic semantic annotation of web documents.pdf:PDF},
  isbn = {978-1-4503-0421-4},
  keywords = {RDFa, automation, metadata, semantic annotation, semantic web},
  location = {Paris, France},
  numpages = {8},
  owner = {ali1k},
  timestamp = {2011.07.26},
  url = {http://doi.acm.org/10.1145/1967486.1967570}
}

@ONLINE{NielsenUsability,
  author = {Jakob Nielsen},
  title = {Introduction to Usability},
  url = {http://www.useit.com/alertbox/20030825.html},
  year = {2012},
  owner = {ali1k},
  timestamp = {2012.05.10}
}

@INPROCEEDINGS{Nielsen1990,
  author = {Nielsen, Jakob and Molich, Rolf},
  title = {Heuristic evaluation of user interfaces},
  booktitle = {Proceedings of the SIGCHI conference on Human factors in computing
	systems: Empowering people},
  year = {1990},
  series = {CHI '90},
  pages = {249--256},
  address = {New York, NY, USA},
  publisher = {ACM},
  acmid = {97281},
  doi = {10.1145/97243.97281},
  isbn = {0-201-50932-6},
  location = {Seattle, Washington, United States},
  numpages = {8},
  owner = {ali1k},
  timestamp = {2012.05.14},
  url = {http://doi.acm.org/10.1145/97243.97281}
}

@ARTICLE{Reflect,
  author = {Seán I. O'Donoghue and Heiko Horn and Evangelos Pafilis and Sven
	Haag and Michael Kuhn and Venkata P. Satagopam and Reinhard Schneider
	and Lars J. Jensen},
  title = {Reflect: A practical approach to web semantics},
  journal = {Web Semantics: Science, Services and Agents on the World Wide Web},
  year = {2010},
  volume = {8},
  pages = {182 - 189},
  number = {2-3},
  doi = {DOI: 10.1016/j.websem.2010.03.003},
  issn = {1570-8268},
  keywords = {Augmented browsing},
  owner = {ali1k},
  timestamp = {2011.07.26},
  url = {http://www.sciencedirect.com/science/article/pii/S1570826810000193}
}

@ARTICLE{Patel2009,
  author = {Patel, Dhiren R. and Khuba, Sidheshwar A.},
  title = {Realization of Semantic Atom Blog},
  journal = {CoRR},
  year = {2009},
  volume = {abs/0912.3957},
  added-at = {2011-12-05T00:00:00.000+0100},
  biburl = {http://www.bibsonomy.org/bibtex/2269f2ffe404968827988b20a7d33bd75/dblp},
  ee = {http://arxiv.org/abs/0912.3957},
  interhash = {c50cb9cb8dbb39379d5cb94c4d47dd9d},
  intrahash = {269f2ffe404968827988b20a7d33bd75},
  keywords = {dblp},
  owner = {ali1k},
  timestamp = {2011-12-05T00:00:00.000+0100},
  url = {http://dblp.uni-trier.de/db/journals/corr/corr0912.html#abs-0912-3957}
}

@ARTICLE{OEUIs10,
  author = {Paulheim, H. and Probst, F.},
  title = {Ontology-Enhanced User Interfaces: A Survey},
  journal = {International Journal on Semantic Web and Information Systems (IJSWIS),},
  year = {2010},
  volume = {6},
  pages = {2},
  citeulike-article-id = {9576250},
  citeulike-linkout-0 = {http://www.heikopaulheim.com/docs/ijswis\_2010.pdf},
  keywords = {iui, ontology},
  owner = {ali1k},
  posted-at = {2011-07-25 03:14:17},
  priority = {0},
  timestamp = {2011.08.02},
  url = {http://www.heikopaulheim.com/docs/ijswis\-2010.pdf}
}

@INCOLLECTION{Pedrix2009,
  author = {Ferran Perdrix and Roberto García and Rosa Gil and Marta Oliva and
	José A. Macías},
  title = {Semantic Web Interfaces for Newspaper Multimedia Content Management},
  booktitle = {New Trends on Human-Computer Interaction},
  publisher = {Springer London},
  year = {2009},
  pages = {1-10},
  note = {10.1007/978-1-84882-352-53},
  isbn = {978-1-84882-352-5},
  keyword = {Computer Science},
  owner = {ali1k},
  timestamp = {2011.07.26},
  url = {http://dx.doi.org/10.1007/978-1-84882-352-53}
}

@INPROCEEDINGS{Quint2007,
  author = {Quint, Vincent and Vatton, Ir\`ene},
  title = {Structured templates for authoring semantically rich documents},
  booktitle = {Proceedings of the 2007 international workshop on Semantically aware
	document processing and indexing},
  year = {2007},
  series = {SADPI '07},
  pages = {41--48},
  address = {New York, NY, USA},
  publisher = {ACM},
  acmid = {1283889},
  doi = {http://doi.acm.org/10.1145/1283880.1283889},
  isbn = {978-1-59593-668-4},
  keywords = {document authoring, document models, document templates, microformats,
	semantic XHTML, structure editing},
  location = {Montpellier, France},
  numpages = {8},
  owner = {ali1k},
  timestamp = {2011.07.26},
  url = {http://doi.acm.org/10.1145/1283880.1283889}
}

@INPROCEEDINGS{riechert2010,
  author = {Riechert, Thomas and Morgenstern, Ulf and Auer, Sören and Tramp,
	Sebastian and Martin, Michael},
  title = {The Catalogus Professorum Lipsiensis – Semantics-based Collaboration
	and Exploration for Historians },
  booktitle = {Proceedings of the 9th International Semantic Web Conference (ISWC2010)},
  year = {2010},
  series = {Lecture Notes in Computer Science},
  address = {Shanghai / China},
  publisher = {Springer},
  added-at = {2011-11-30T11:22:09.000+0100},
  biburl = {http://www.bibsonomy.org/bibtex/24e365b59733b2ed0346373ade3cb8882/aksw},
  interhash = {879bcf6d3f07c059c1ea99bbce026fd6},
  intrahash = {4e365b59733b2ed0346373ade3cb8882},
  keywords = {2010 auer event_iswc group_aksw lod2page martin ontowiki riechert
	seebiproject_OntoWiki sys:relevantFor:bis sys:relevantFor:infai sys:relevantFor:lod2
	tramp},
  owner = {micha},
  timestamp = {2011-11-30T11:22:09.000+0100},
  url = {http://svn.aksw.org/papers/2010/ISWC_CP_demo/iswc_cp_demo.pdf}
}

@INCOLLECTION{Rube2010,
  author = {Ruiz-Rube, Iván and Cornejo, Carlos M. and Dodero, Juan Manuel and
	García, Vicente M.},
  title = {Development Issues on Linked Data Weblog Enrichment},
  booktitle = {Metadata and Semantic Research},
  publisher = {Springer Berlin Heidelberg},
  year = {2010},
  editor = {Sánchez-Alonso, Salvador and Athanasiadis, Ioannis N.},
  volume = {108},
  series = {Communications in Computer and Information Science},
  pages = {235-246},
  note = {10.1007/978-3-642-16552-8-22},
  isbn = {978-3-642-16552-8},
  keyword = {Computer Science},
  owner = {ali1k},
  timestamp = {2011.07.26},
  url = {http://dx.doi.org/10.1007/978-3-642-16552-8-22}
}

@INPROCEEDINGS{ecs2007,
  author = {Melike Sah and Wendy Hall and Nicholas M Gibbins and David C De Roure},
  title = {SEMPort ? A Personalized Semantic Portal},
  booktitle = {18th ACM Conference on Hypertext and Hypermedia},
  year = {2007},
  pages = {31--32},
  publisher = {Sheridan printing},
  keywords = {Personalization, reusability, semantic hyperlinks, semantic portals},
  url = {http://eprints.ecs.soton.ac.uk/14441/}
}

@ARTICLE{Seaman99,
  author = {Seaman, Carolyn B.},
  title = {Qualitative Methods in Empirical Studies of Software Engineering.},
  journal = {IEEE Trans. Software Eng.},
  year = {1999},
  volume = {25},
  pages = {557-572},
  number = {4},
  added-at = {2011-11-07T00:00:00.000+0100},
  biburl = {http://www.bibsonomy.org/bibtex/2cfbaa5f9a5776529d376f69115da255f/dblp},
  ee = {http://doi.ieeecomputersociety.org/10.1109/32.799955},
  interhash = {b233452e853d2f933d9d26fe8f9f56a8},
  intrahash = {cfbaa5f9a5776529d376f69115da255f},
  keywords = {dblp},
  owner = {ali1k},
  timestamp = {2011-11-07T00:00:00.000+0100},
  url = {http://dblp.uni-trier.de/db/journals/tse/tse25.html#Seaman99}
}

@ARTICLE{Seffah2006,
  author = {Seffah, Ahmed and Donyaee, Mohammad and Kline, Rex B. and Padda,
	Harkirat K.},
  title = {Usability measurement and metrics: A consolidated model},
  journal = {Software Quality Control},
  year = {2006},
  volume = {14},
  pages = {159--178},
  number = {2},
  month = jun,
  acmid = {1132342},
  address = {Hingham, MA, USA},
  doi = {10.1007/s11219-006-7600-8},
  issn = {0963-9314},
  issue_date = {June 2006},
  keywords = {Effectiveness, Efficiency, Measurement, Metrics, Software engineering
	quality models, Usability, User satisfaction},
  numpages = {20},
  owner = {ali1k},
  publisher = {Kluwer Academic Publishers},
  timestamp = {2012.05.10},
  url = {http://dx.doi.org/10.1007/s11219-006-7600-8}
}

@BOOK{sheu2010,
  title = {Semantic Computing},
  publisher = {Wiley-IEEE Press},
  year = {2010},
  author = {Phillip Sheu and Heather Yu and C. V. Ramamoorthy and Arvind K. Joshi
	and Lotfi A. Zadeh},
  owner = {ali1k},
  timestamp = {2011.11.30}
}

@ARTICLE{siorpaes2010,
  author = {Siorpaes, Katharina and Simperl, Elena},
  title = {Human Intelligence in the Process of Semantic Content Creation},
  journal = {WORLD WIDE WEB-INTERNET AND WEB INFORMATION SYSTEMS},
  year = {2010},
  volume = {13},
  pages = {33-59},
  number = {1-2, SI},
  month = {MAR},
  issn = {1386-145X},
  owner = {ali1k},
  timestamp = {2011.07.25},
  unique-id = {ISI:000276134100003}
}

@INCOLLECTION{thorisson2010,
  author = {Thórisson, Kristinn and Spivack, Nova and Wissner, James},
  title = {The Semantic Web: From Representation to Realization},
  booktitle = {Transactions on Computational Collective Intelligence II},
  publisher = {Springer Berlin / Heidelberg},
  year = {2010},
  editor = {Nguyen, Ngoc and Kowalczyk, Ryszard},
  volume = {6450},
  series = {Lecture Notes in Computer Science},
  pages = {90-107},
  note = {10.1007/978-3-642-17155-0-5},
  owner = {ali1k},
  timestamp = {2011.07.26},
  url = {http://dx.doi.org/10.1007/978-3-642-17155-0-5}
}

@INCOLLECTION{RDFAuthor,
  author = {Tramp, Sebastian and Heino, Norman and Auer, S\"oren and Frischmuth,
	Philipp},
  title = {RDFauthor: Employing RDFa for Collaborative Knowledge Engineering},
  booktitle = {Knowledge Engineering and Management by the Masses},
  publisher = {Springer Berlin / Heidelberg},
  year = {2010},
  editor = {Cimiano, Philipp and Pinto, H.},
  volume = {6317},
  series = {Lecture Notes in Computer Science},
  pages = {90-104},
  note = {10.1007/978-3-642-16438-57},
  owner = {ali1k},
  timestamp = {2011.05.25},
  url = {http://dx.doi.org/10.1007/978-3-642-16438-57}
}

@BOOK{tunkenlang2009faceted,
  title = {{Faceted Search (Synthesis Lectures on Information Concepts, Retrieval,
	and Services)}},
  publisher = {Morgan and Claypool Publishers},
  year = {2009},
  author = {Tunkelang, Daniel},
  month = jun,
  day = {29},
  howpublished = {Paperback},
  isbn = {1598299999},
  keywords = {books, faceted\_search, interactive\_search},
  posted-at = {2010-03-17 19:53:04},
  priority = {4},
  url = {http://www.amazon.com/exec/obidos/redirect?tag=citeulike07-20\&path=ASIN/1598299999}
}

@ARTICLE{uren2006,
  author = {Victoria Uren and Philipp Cimiano and José Iria and Siegfried Handschuh
	and Maria Vargas-Vera and Enrico Motta and Fabio Ciravegna},
  title = {Semantic annotation for knowledge management: Requirements and a
	survey of the state of the art},
  journal = {Web Semantics: Science, Services and Agents on the World Wide Web},
  year = {2006},
  volume = {4},
  pages = {14 - 28},
  number = {1},
  issn = {1570-8268},
  keywords = {Semantic annotation},
  owner = {ali1k},
  timestamp = {2011.07.26},
  url = {http://www.sciencedirect.com/science/article/pii/S1570826805000338}
}

@ARTICLE{valk2007,
  author = {Valkeapaeae, Onni and Alm, Olli and Hyvoenen, Ero},
  title = {An adaptable framework for ontology-based content creation on the
	semantic web},
  journal = {JOURNAL OF UNIVERSAL COMPUTER SCIENCE},
  year = {2007},
  volume = {13},
  pages = {1835-1853},
  number = {12},
  note = {28th Annual Meeting of the Society-of-Behavioral-Medicine, Washington,
	DC, MAR 21-24, 2007},
  issn = {0948-695X},
  organization = {Soc Behav Med},
  owner = {ali1k},
  timestamp = {2011.07.25},
  unique-id = {ISI:000253617100003}
}

@ARTICLE{Yu2006,
  author = {Yu, Bo},
  title = {Cognitive Aspects of Human-GIS Interaction : A Literature Review
	Cognitive Aspects of Human-GIS Interaction : A Literature Review},
  journal = {Interface},
  year = {2006},
  pages = {1--17},
  owner = {ali1k},
  publisher = {Penn State University},
  timestamp = {2012.05.11},
  url = {http://test.scripts.psu.edu/users/b/x/bxy126/courses/files/IST501_TermPaper_BoYu.pdf}
}

