@ARTICLE{slr,
  author = {Ali Khalili and S\"oren Auer},
  title = {User Interfaces for Semantic Content Authoring: A Systematic Literature
	Review},
  year = {2012},
  owner = {ali1k},
  timestamp = {2012.01.28},
  url = {http://svn.aksw.org/papers/2011/journal_SemanticContentAuthoring/public.pdf}
}
